@article{johnson04,
  title={Golds theorem and cognitive science},
  author={Johnson, Kent},
  journal={Philosophy of Science},
  volume={71},
  number={4},
  pages={571--592},
  year={2004},
  publisher={JSTOR}
}

@article{bachmair03,
  title={Abstract congruence closure},
  author={Bachmair, Leo and Tiwari, Ashish and Vigneron, Laurent},
  journal={Journal of Automated Reasoning},
  volume={31},
  number={2},
  pages={129--168},
  year={2003},
  publisher={Springer}
}

@article{gold67,
  title={Language identification in the limit},
  author={Gold, E Mark},
  journal={Information and control},
  volume={10},
  number={5},
  pages={447--474},
  year={1967},
  publisher={Elsevier}
}

@article{angluin88,
  title={Queries and concept learning},
  author={Angluin, Dana},
  journal={Machine learning},
  volume={2},
  number={4},
  pages={319--342},
  year={1988},
  publisher={Springer}
}

@article{angluin87,
  title={Learning regular sets from queries and counterexamples},
  author={Angluin, Dana},
  journal={Information and computation},
  volume={75},
  number={2},
  pages={87--106},
  year={1987},
  publisher={Elsevier}
}

@inproceedings{nieuwenhuis96,
  title={Basic paramodulation and decidable theories},
  author={Nieuwenhuis, Robert},
  booktitle={Logic in Computer Science, 1996. LICS'96. Proceedings., Eleventh Annual IEEE Symposium on},
  pages={473--482},
  year={1996},
  organization={IEEE}
}

@article{sakakibara90,
  title={Learning context-free grammars from structural data in polynomial time},
  author={Sakakibara, Yasubumi},
  journal={Theoretical Computer Science},
  volume={76},
  number={2-3},
  pages={223--242},
  year={1990},
  publisher={Elsevier}
}

@inproceedings{drewes03,
  title={Learning a regular tree language from a teacher},
  author={Drewes, Frank and H{\"o}gberg, Johanna},
  booktitle={International Conference on Developments in Language Theory},
  pages={279--291},
  year={2003},
  organization={Springer}
}

@book{baader1999term,
  title={Term rewriting and all that},
  author={Baader, Franz and Nipkow, Tobias},
  year={1999},
  publisher={Cambridge university press}
}

@inproceedings{comon1992decidable,
  title={Decidable problems in shallow equational theories},
  author={Comon, Hubert and Haberstrau, Marianne and Jouannaud, J-P},
  booktitle={Logic in Computer Science, 1992. LICS'92., Proceedings of the Seventh Annual IEEE Symposium on},
  pages={255--265},
  year={1992},
  organization={IEEE}
}

@article{comon1994syntacticness,
  title={Syntacticness, cycle-syntacticness, and shallow theories},
  author={Comon, Hubert and Haberstrau, Marianne and Jouannaud, Jean-Pierre},
  journal={Information and Computation},
  volume={111},
  number={1},
  pages={154--191},
  year={1994},
  publisher={Elsevier}
}

@incollection{knuth1983simple,
  title={Simple word problems in universal algebras},
  author={Knuth, Donald E and Bendix, Peter B},
  booktitle={Automation of Reasoning},
  pages={342--376},
  year={1983},
  publisher={Springer}
}

@inproceedings{rao2006learnability,
  title={Learnability of term rewrite systems from positive examples},
  author={Rao, MRK},
  booktitle={Proceedings of the 12th Computing: The Australasian Theroy Symposium-Volume 51},
  pages={133--137},
  year={2006},
  organization={Australian Computer Society, Inc.}
}

@inproceedings{arimura2000learning,
  title={Learning Term Rewriting Systems from Entailment.},
  author={Arimura, Hiroki and Sakamoto, Hiroshi and Arikawa, Setsuo},
  booktitle={ILP Work-in-progress reports},
  year={2000}
}

@article{o1985equational,
  title={Equational logic as a programming language},
  author={O'donnell, Michael J},
  year={1985}
}



@article{van1987logic,
  title={Logic programming with equations},
  author={Van Emden, Maarten H and Yukawa, Keitaro},
  journal={The Journal of Logic Programming},
  volume={4},
  number={4},
  pages={265--288},
  year={1987},
  publisher={Elsevier}
}

@article{dershowitz1993deductive,
  title={Deductive and inductive synthesis of equational programs},
  author={Dershowitz, Nachum and Reddy, Uday S},
  journal={Journal of Symbolic Computation},
  volume={15},
  number={5-6},
  pages={467--494},
  year={1993},
  publisher={Elsevier}
}


@article{dershowitz1985synthesis,
  title={Synthesis by completion},
  author={Dershowitz, Nachum},
  journal={Urbana},
  volume={51},
  pages={61801},
  year={1985}
}

@article{oncina1992inferring,
  title={Inferring regular languages in polynomial update time},
  author={Oncina, Jos{\'e} and Garcia, Pedro},
  year={1992}
}